@inproceedings{dalal2005histograms,
  title={Histograms of oriented gradients for human detection},
  author={Dalal, Navneet and Triggs, Bill},
  booktitle={Computer Vision and Pattern Recognition, 2005. CVPR 2005. IEEE Computer Society Conference on},
  volume={1},
  pages={886--893},
  year={2005},
  organization={IEEE}
}

@book{mataix2000alteraciones,
  title={Alteraciones f{\'\i}sicas, qu{\'\i}micas y biol{\'o}gicas en suelos afectados por incendios forestales: contribuci{\'o}n a su conservaci{\'o}n y regeneraci{\'o}n},
  author={Mataix Solera, Jorge},
  year={2000},
}

@article{cerda1993incendios,
  title={Incendios forestales y estabilidad de agregados},
  author={Cerd{\'a}, Artemi and others},
  journal={Cuadernos de geograf{\'\i}a},
  number={53},
  pages={1--16},
  year={1993},
  publisher={Facultat de Geografia i Hist{\`o}ria}
}
@misc{haralick1992robot,
  title={Robot and Computer Vision (vols. 1 and 2)},
  author={Haralick, RM and Shapiro, LG},
  year={1992},
  publisher={Addison-Wesley, Reading, MA}
}